@Book{Das,
   title={Yahoo! for Amazon: Extracting market sentiment from stock message boards},
  author={Das, Sanjiv and Chen, Mike},
  booktitle={Proceedings of the Asia Pacific finance association annual conference (APFA)},
  volume={35},
  year={2001},
  organization={Bangkok, Thailand}
}
@Book{Tong,
	title={An operational system for detecting and tracking opinions in on-line discussion},
	author={Tong, Richard M},
	booktitle={Working Notes of the ACM SIGIR 2001 Workshop on Operational Text Classification},
	volume={1},
	number={6},
	year={2001}
}
@Book{Turney,
	title={Thumbs up or thumbs down?: semantic orientation applied to unsupervised classification of reviews},
	author={Turney, Peter D},
	booktitle={Proceedings of the 40th annual meeting on association for computational linguistics},
	pages={417--424},
	year={2002},
	organization={Association for Computational Linguistics}
}
@Book{Pang,
	 title={Thumbs up?: sentiment classification using machine learning techniques},
	author={Pang, Bo and Lee, Lillian and Vaithyanathan, Shivakumar},
	booktitle={Proceedings of the ACL-02 conference on Empirical methods in natural language processing-Volume 10},
	pages={79--86},
	year={2002},
	organization={Association for Computational Linguistics}
}
@Book{Dave,
	title={Mining the peanut gallery: Opinion extraction and semantic classification of product reviews},
	author={Dave, Kushal and Lawrence, Steve and Pennock, David M},
	booktitle={Proceedings of the 12th international conference on World Wide Web},
	pages={519--528},
	year={2003},
	organization={ACM}
}
@Book{Lexicon,
 title={Crowdsourcing a word--emotion association lexicon},
	author={Mohammad, Saif M and Turney, Peter D},
	journal={Computational Intelligence},
	volume={29},
	number={3},
	pages={436--465},
	year={2013},
	publisher={Wiley Online Library}
}
@Book{Plutchick62,
	title={The emotions},
	author={Plutchik, Robert},
	year={1991},
	publisher={University Press of America}
}
@Book{Plutchick80,
	title={A general psychoevolutionary theory of emotion},
	author={Plutchik, Robert},
	booktitle={Theories of emotion},
	pages={3--33},
	year={1980},
	publisher={Elsevier}
}
@Book{Plutchick85,
	title={On emotion: The chicken-and-egg problem revisited},
	author={Plutchik, Robert},
	journal={Motivation and emotion},
	volume={9},
	number={2},
	pages={197--200},
	year={1985},
	publisher={Springer}
}
@Book{PabloG,
	title={TASS: A Naive-Bayes strategy for sentiment analysis on Spanish tweets},
	author={Gamallo, Pablo and Garcia, Marcos and Fern{\'a}ndez-Lanza, Santiago},
	booktitle={Workshop on Sentiment Analysis at SEPLN (TASS2013)},
	pages={126--132},
	year={2013}
}
@Book{Stanford,
	title={Recursive deep models for semantic compositionality over a sentiment treebank},
	author={Socher, Richard and Perelygin, Alex and Wu, Jean and Chuang, Jason and Manning, Christopher D and Ng, Andrew and Potts, Christopher},
	booktitle={Proceedings of the 2013 conference on empirical methods in natural language processing},
	pages={1631--1642},
	year={2013}
}
@Book{Coupling,
	title={Coupling niche browsers and affect analysis for an opinion mining application},
	author={Grefenstette, Gregory and Qu, Yan and Shanahan, James G and Evans, David A},
	journal={Proceedings of Recherche dâ€™Information Assist{\'e}e par Ordinateur (RIAO)},
	year={2004}
}
@Book{Custreviews,
	title={Mining and summarizing customer reviews},
	author={Hu, Minqing and Liu, Bing},
	booktitle={Proceedings of the tenth ACM SIGKDD international conference on Knowledge discovery and data mining},
	pages={168--177},
	year={2004},
	organization={ACM}
}
@Book{Negacion,
	title={SFU Review SP-NEG: a Spanish corpus annotated with negation for sentiment analysis. a typology of negation patterns},
	author={Jim{\'e}nez-Zafra, Salud Mar{\'\i}a and Taul{\'e}, Mariona and Mart{\'\i}n-Valdivia, M Teresa and Ure{\~n}a-L{\'o}pez, L Alfonso and Mart{\'\i}, M Ant{\'o}nia},
	journal={Language Resources and Evaluation},
	volume={52},
	number={2},
	pages={533--569},
	year={2018},
	publisher={Springer}
}
@Book{kfold,
	title={Cross-validatory choice and assessment of statistical predictions},
	author={Stone, Mervyn},
	journal={Journal of the Royal Statistical Society: Series B (Methodological)},
	volume={36},
	number={2},
	pages={111--133},
	year={1974},
	publisher={Wiley Online Library}
}
@Book{NaiveBayes,
	title={Speech and language processing: An introduction to natural language processing, computational linguistics, and speech recognition},
	author={Martin, James H and Jurafsky, Daniel},
	year={2009},
	publisher={Pearson/Prentice Hall Upper Saddle River}
}
@Book{svmbib,
	title={Support-vector networks},
	author={Cortes, Corinna and Vapnik, Vladimir},
	journal={Machine learning},
	volume={20},
	number={3},
	pages={273--297},
	year={1995},
	publisher={Springer}
}
@Book{PoeEL,
	title={Positivity of the English language},
	author={Kloumann, Isabel M and Danforth, Christopher M and Harris, Kameron Decker and Bliss, Catherine A and Dodds, Peter Sheridan},
	journal={PloS one},
	volume={7},
	number={1},
	pages={e29484},
	year={2012},
	publisher={Public Library of Science}
}
@Book{HulPB,
	title={Human language reveals a universal positivity bias},
	author={Dodds, Peter Sheridan and Clark, Eric M and Desu, Suma and Frank, Morgan R and Reagan, Andrew J and Williams, Jake Ryland and Mitchell, Lewis and Harris, Kameron Decker and Kloumann, Isabel M and Bagrow, James P and others},
	journal={Proceedings of the National Academy of Sciences},
	volume={112},
	number={8},
	pages={2389--2394},
	year={2015},
	publisher={National Acad Sciences}
}
@Book{Glorot,
title={Understanding the difficulty of training deep feedforward neural networks},
author={Glorot, Xavier and Bengio, Yoshua},
booktitle={Proceedings of the thirteenth international conference on artificial intelligence and statistics},
pages={249--256},
year={2010}
}